<?xml version="1.0" encoding="UTF-8"?><collection xmlns="http://www.loc.gov/MARC21/slim"><record><leader>00327nam--2200133-i-4500</leader><controlfield tag="001">000036458</controlfield><controlfield tag="002">20161230</controlfield><controlfield tag="005">20161230201040</controlfield><controlfield tag="008">060222s1000------------r-----000-0-eng-d</controlfield><datafield ind1=" " ind2=" " tag="080"><subfield code="a">541.13.6(061.3)</subfield></datafield><datafield ind1=" " ind2=" " tag="245"><subfield code="a">Polarisation de la matiere</subfield></datafield><datafield ind1=" " ind2=" " tag="260"><subfield code="a">Paris, Cnrs, 1949. 172p</subfield></datafield><datafield ind1=" " ind2=" " tag="490"><subfield code="a">Colloques Intern.Du Cnrs</subfield></datafield><datafield ind1=" " ind2=" " tag="852"><subfield code="a">10343</subfield></datafield></record></collection>